<record><leader>00000cas a22000007a 4500</leader><controlfield tag="001">12412662</controlfield><controlfield tag="008">850822d18731874wiuwr ne      0    0eng d</controlfield><datafield ind1=" " ind2=" " tag="010"><subfield code="a">sn 85041125 </subfield></datafield><datafield ind1=" " ind2=" " tag="040"><subfield code="a">NPV</subfield><subfield code="b">eng</subfield><subfield code="c">NPV</subfield><subfield code="d">OCLCQ</subfield></datafield><datafield ind1=" " ind2=" " tag="019"><subfield code="a">226113525</subfield></datafield><datafield ind1=" " ind2=" " tag="042"><subfield code="a">msc</subfield></datafield><datafield ind1=" " ind2=" " tag="045"><subfield code="a">w7w7</subfield></datafield><datafield ind1=" " ind2=" " tag="052"><subfield code="a">4123</subfield><subfield code="b">G6</subfield></datafield><datafield ind1="0" ind2="5" tag="245"><subfield code="a">West Grant advocate.</subfield></datafield><datafield ind1=" " ind2=" " tag="260"><subfield code="a">Bloomington, Wis. :</subfield><subfield code="b">C.N. Holford,</subfield><subfield code="c">1873-1874.</subfield></datafield><datafield ind1=" " ind2=" " tag="300"><subfield code="a">2 v.</subfield></datafield><datafield ind1=" " ind2=" " tag="310"><subfield code="a">Weekly</subfield></datafield><datafield ind1="0" ind2=" " tag="362"><subfield code="a">Vol. 1, no. 1 (June 18, 1873)-v. 2, no. 13 (Sept. 9, 1874) = whole no. 65.</subfield></datafield><datafield ind1=" " ind2=" " tag="500"><subfield code="a">Editor: C.N. Holford, June 18, 1873-May 20, 1874.--C.N. Holford, J.J. Clifton, May 27-Sept. 9, 1874.</subfield></datafield><datafield ind1=" " ind2=" " tag="530"><subfield code="a">Available on microfilm from The State Historical Society of Wisconsin.</subfield></datafield><datafield ind1=" " ind2=" " tag="752"><subfield code="a">United States</subfield><subfield code="b">Wisconsin</subfield><subfield code="c">Grant</subfield><subfield code="d">Bloomington.</subfield></datafield><datafield ind1="1" ind2=" " tag="029"><subfield code="a">AU@</subfield><subfield code="b">000025810084</subfield></datafield></record>